% Encoding: UTF-8

@Article{Roy2002,
  author   = {Roy F Baumeister},
  title    = {Yielding to temptation: Self-control failure, impulsive purchasing, and consumer behavior},
  journal  = {Journal of consumer Research},
  year     = {2002},
  volume   = {52},
  number   = {4},
  pages    = {670-676},
}

@Article{BergerandDoban2014,
  author   = {Marc L Berger \& Vitalii Doban},
  title    = {Big data, advanced analytics and the future of comparative effectiveness research},
  journal  = {Journal of company effectiveness research},
  year     = {2014},
  volume   = {3},
  number   = {2},
  pages    = {167-176},
}

@misc{Bryant2008,
  author   = {Randal E. Bryant \& Randy H. Katz \& Edward D. Lazowska},
  title    = {Big-Data Computing: Creating revolutionary breakthroughs in commerce, science, and society},
  year     = {2008},
  url      = {https://cra.org/ccc/wp-content/uploads/sites/2/2015/05/Big_Data.pdf},
}

@Article{Chen2012,
  author   = {Hsinchun Chen \& Roger H L Chiang \& Veda C. Storey},
  title    = {Business intelligence and analytics: From big data to big impact},
  journal  = {MIS Quarterly: Management Information Systems},
  year     = {2012},
  volume   = {36},
  number   = {4},
  pages    = {1165-1188},
}

@misc{Benjamin2014,
  author   = {Benjamin Reed Shiller},
  title    = {First-Degree Price Discrimination Using Big Data},
  year     = {2014},
  url      = {http://benjaminshiller.com/images/First_Degree_PD_Using_Big_Data_Jan_18,_2014.pdf},
}

@misc{Amazon2017,
  author   = {Amazon},
  title    = {Big Data on AWS},
  year     = {2017},
  url      = {https://aws.amzon.com/big-data/},
}