% Encoding: UTF-8

@Article{Eastwood2017,
  author   = {Gary Eastwood},
  title    = {Big data, algorithms and the future of advertising.},
  journal  = {Network World},
  year     = {2017},
  url      = {https://www.networkworld.com/article/3194585/big-data/big-data-algorithms-and-the-future-of-advertising.html},
}

@Article{Geer2017,
  author   = {David Geer},
  title    = {Will big data change how you use social media?},
  journal  = {The Next Web},
  year     = {2017},
  url      = {https://thenextweb.com/contributors/2017/07/06/will-big-data-change-use-social-media/#.tnw_DPcEKg97},
}

@Article{HenselandDeis2010,
  author   = {Kyle Hensel \& Michael H. Deis},
  title    = {Using Soical Media To Increase Advertising And Improve Marketing},
  journal  = {The Entrepreneurial Executive},
  year     = {2010},
  volume   = {15},
  pages    = {87},
}

@Article{MangoldandFaulds2009,
  author   = {W. Glynn Mangold \& David J. Faulds},
  title    = {Social media: The new hybrid element of the promotion mix.},
  journal  = {Business Horizons},
  year     = {2009},
  volume   = {52},
  pages    = {357-365},
}

@Article{Nate2014,
  author   = {Nate Philip},
  title    = {The Impact of Big Data on the Digital Advertising Industry},
  journal  = {Qubole},
  year     = {2014},
  url      = {https://www.qubole.com/blog/big-data-advertising-case-study/},
}

@Article{Singh2016,
  author   = {Dara Singh},
  title    = {Importance of Big Data for Social Media Analysts to understand customer impressions better.},
  journal  = {Linkedln},
  year     = {2016},
  url      = {https://www.linkedin.com/pulse/importance-big-data-social-media-analysts-understand-customer-singh/},
}

@Article{Aycock2010,
  author   = {John Aycock},
  title    = {Springer Sciences \& Business Media.},
  journal  = {Spyware and Adware},
  year     = {2010},
  volume   = {50},
}